https://www.doi2bib.org/

@incollection{softarchVR,
  doi = {10.1007/978-3-319-91581-4_13},
  year = {2018},
  publisher = {Springer International Publishing},
  pages = {168--182},
  author = {Andreas Schreiber and Martin Misiak},
  title = {Visualizing Software Architectures in~Virtual Reality with an Island Metaphor},
  booktitle = {Virtual,  Augmented and Mixed Reality: Interaction,  Navigation,  Visualization,  Embodiment,  and Simulation}
}

@article{Tsuchie2018,
  doi = {10.1007/s00366-018-0647-x},
  year = {2018},
  month = oct,
  publisher = {Springer Science and Business Media {LLC}},
  volume = {35},
  number = {3},
  pages = {993--1008},
  author = {Shoichi Tsuchie},
  title = {Mesh simplification accompanied by its denoising of scanned data},
  journal = {Engineering with Computers}
}

@article{Wang2019,
  doi = {10.1155/2019/4926190},
  year = {2019},
  month = feb,
  publisher = {Hindawi Limited},
  volume = {2019},
  pages = {1--12},
  author = {Yongzhi Wang and Jianwen Zheng and Hui Wang},
  title = {Fast Mesh Simplification Method for Three-Dimensional Geometric Models with Feature-Preserving Efficiency},
  journal = {Scientific Programming}
}

@article{Yi2019,
  doi = {10.1145/3272127.3275068},
  year = {2019},
  month = jan,
  publisher = {Association for Computing Machinery ({ACM})},
  volume = {37},
  number = {6},
  pages = {1--12},
  author = {Ran Yi and Yong-Jin Liu and Ying He},
  title = {Delaunay mesh simplification with differential evolution},
  journal = {{ACM} Transactions on Graphics}
}

@online{ docUnity, 
    title={Unity User Manual}, 
    url ={http://docs.unity3d.com}, 
    urldate={2020-04-05},
    author={Unity Technologies}
}